<?xml version="1.0" encoding="UTF-8"?>
<collection xmlns:xsi="http://www.w3.org/2001/XMLSchema-instance" xsi:schemaLocation="http://www.loc.gov/MARC21/slim http://www.loc.gov/standards/marcxml/schema/MARC21slim.xsd" xmlns="http://www.loc.gov/MARC21/slim">
<record>
  <leader>01035cam a2200265 a 4500</leader>
  <controlfield tag="001">2532929</controlfield>
  <controlfield tag="003">NNC</controlfield>
  <controlfield tag="005">20160623143734.0</controlfield>
  <controlfield tag="008">930426s1953    ua abf        000 0 arard</controlfield>
  <datafield tag="035" ind1=" " ind2=" ">
    <subfield code="a">(OCoLC)ocm27981832</subfield>
  </datafield>
  <datafield tag="035" ind1=" " ind2=" ">
    <subfield code="9">AQL4107CU</subfield>
  </datafield>
  <datafield tag="035" ind1=" " ind2=" ">
    <subfield code="a">(NNC)2532929</subfield>
  </datafield>
  <datafield tag="040" ind1=" " ind2=" ">
    <subfield code="a">UUM</subfield>
    <subfield code="c">UUM</subfield>
    <subfield code="d">ZCU</subfield>
  </datafield>
  <datafield tag="043" ind1=" " ind2=" ">
    <subfield code="a">f-ly---</subfield>
  </datafield>
  <datafield tag="090" ind1=" " ind2=" ">
    <subfield code="a">DT224</subfield>
    <subfield code="b">.B3</subfield>
  </datafield>
  <datafield tag="100" ind1="1" ind2=" ">
    <subfield code="a">Baʻayyū, Muṣṭafá ʻAbd Allāh.</subfield>
  </datafield>
  <datafield tag="245" ind1="1" ind2="0">
    <subfield code="a">Dirāsāt fī al-tārīkh al-Lūbī :</subfield>
    <subfield code="b">al-usus al-tārīkhīyah li-mustaqbal Lūbiyā /</subfield>
    <subfield code="c">Muṣṭafá ʻAbd Allāh Baʻayyū.</subfield>
  </datafield>
  <datafield tag="260" ind1=" " ind2=" ">
    <subfield code="a">al-Iskandarīyah [Alexandria] :</subfield>
    <subfield code="b">al-Jamʻīyah al-Tārīkhīyah li-Khirrījī Kullīyat al-Ādāb bi-Jāmiʻat al-Iskandarīyah,</subfield>
    <subfield code="c">[1953]</subfield>
  </datafield>
  <datafield tag="300" ind1=" " ind2=" ">
    <subfield code="a">211 p., [2] leaves of plates (1 folded) :</subfield>
    <subfield code="b">ill., map ;</subfield>
    <subfield code="c">25 cm.</subfield>
  </datafield>
  <datafield tag="504" ind1=" " ind2=" ">
    <subfield code="a">Includes bibliographical references.</subfield>
  </datafield>
  <datafield tag="500" ind1=" " ind2=" ">
    <subfield code="a">Preface dated 1953.</subfield>
  </datafield>
  <datafield tag="500" ind1=" " ind2=" ">
    <subfield code="a">Title on p. [4] of cover: Studies in Lybian history.</subfield>
  </datafield>
  <datafield tag="651" ind1=" " ind2="0">
    <subfield code="a">Libya</subfield>
    <subfield code="x">History.</subfield>
  </datafield>
  <datafield tag="740" ind1="0" ind2=" ">
    <subfield code="a">Studies in Lybian history.</subfield>
  </datafield>
  <datafield tag="955" ind1=" " ind2=" ">
    <subfield code="b">CU69572003</subfield>
    <subfield code="d">off,glx</subfield>
    <subfield code="e">DT224 .B3</subfield>
  </datafield>
</record>
</collection>